<collection xmlns="http://www.loc.gov/MARC21/slim">
<record>
  <leader>00458na 0a22001211i 450 </leader>
  <controlfield tag="001">IT\ICCU\CNCE\065936</controlfield>
  <controlfield tag="005">20060811000000.0</controlfield>
  <datafield tag="100" ind1=" " ind2=" ">
    <subfield code="a">20060731             0itac0103    ba</subfield>
  </datafield>
  <datafield tag="101" ind1=" " ind2=" ">
    <subfield code="a">LAT</subfield>
  </datafield>
  <datafield tag="200" ind1="1" ind2=" ">
    <subfield code="a">℗I ℗due libri aggiunti alle historie dell&apos;illustre signor Lionardo da Maniaco da Ciuidale del Friuli</subfield>
  </datafield>
  <datafield tag="700" ind1=" " ind2="1">
    <subfield code="a">Maniaco,</subfield>
    <subfield code="b">Leonardo : di</subfield>
    <subfield code="3">IT\ICCU\CNCA\010634</subfield>
  </datafield>
  <datafield tag="790" ind1=" " ind2="1">
    <subfield code="a">Maniago,</subfield>
    <subfield code="b">Leonardo di</subfield>
    <subfield code="3">IT\ICCU\CNCA\017876</subfield>
    <subfield code="z">Maniaco, Leonardo : di</subfield>
  </datafield>
  <datafield tag="801" ind1=" " ind2="3">
    <subfield code="a">IT</subfield>
    <subfield code="b">ICCU</subfield>
    <subfield code="c">20201115</subfield>
  </datafield>
</record>
</collection>
